% DARPA Grand Challenge 2004 results
@electronic{cnnGrandChallenge2004,
  author        = "Marsha Walton",
  title         = "Robots fail to complete Grand Challenge",
  url           = "http://articles.cnn.com/2004-03-14/tech/darpa.race\_1\_darpa-grand-challenge-desert-tortoise-robots?\_s=\\ PM:TECH",
  year          = "2004",
  organization  = "CNN"
};

% DARPA Urban Challenge 2007 results
@electronic{spectrumUrbanChallenge2007,
  author        = "John Volecker",
  title         = "Autonomous Vehicles Complete DARPA Urban Challenge",
  url           = "http://spectrum.ieee.org/green-tech/advanced-cars/autonomous-vehicles-complete-darpa-urban-challenge",
  year          = "2007",
  organization  = "IEEE Spectrum"
};

% Sebastian Thrun's TED talk - Google's driverless cars clock 160,000 miles 
@electronic{tedThrun2011,
  title         = "Sebastian Thrun: Google's driverless car",
  url           = "http://www.ted.com/talks/sebastian\_thrun\_google\_s\_driverless\_car.\\ html",
  year          = "2011",
  organization  = "TED"
};

% paper before the vislab intercontinental challenge
@inproceedings{broggi2010sensing,
  title={Sensing requirements for a 13,000 km intercontinental autonomous drive},
  author={Broggi, A. and Bombini, L. and Cattani, S. and Cerri, P. and Fedriga, RI},
  booktitle={Intelligent Vehicles Symposium (IV), 2010 IEEE},
  pages={500--505},
  year={2010},
  organization={IEEE}
}

% article used for citing the successful completion of the vislab challenge
@electronic{cnnVislab2010,
  author        = "Jo Ling Kent",
  title         = "Driverless van crosses from Europe to Asia",
  url           = "http://edition.cnn.com/2010/TECH/innovation/10/\\ 27/driverless.car/index.html?iref=allsearch",
  year          = "2010",
  organization  = "CNN"
};

